% You can generate BibTeX-style bibliography entries from e.g Google Scholar (Cite -> BibTeX)

@manual{EFM32GGRM,
	title		= "EFM32GG Reference Manual",
	%author		= "",
	organization	= "Silicon Labs",
	%address	= "",
	%edition	= "",
	year		= "2013",
	%month		= "",
	%note		= "",
}

@manual{COMPENDIUM,
	title		= "TDT4258 Compendium",
	%author		= "",
	organization	= "NTNU",
	%address	= "",
	%edition	= "",
	year		= "2014",
	%month		= "",
	%note		= "",
}

@manual{ptxdist,
	title		= "TDT4258 Compendium, pages 47-50",
	%author		= "",
	organization	= "NTNU",
	%address	= "",
	%edition	= "",
	year		= "2014",
	%month		= "",
	%note		= "",
}

@misc{ptxsetup,
  title = {{ptxdist select}},
  howpublished = "\url{http://www.pengutronix.com/oselas/bsp/pengutronix/\\
  download/OSELAS.BSP-Pengutronix-Generic-arm-Quickstart.pdf}",
  year = {2015}, 
  note = "[Online; accessed 25-April-2015, pages 23-24]"
}

@manual{DK3750RM,
	title		= "DK3750 Reference Manual",
	%author		= "",
	organization	= "Silicon Labs",
	%address	= "",
	%edition	= "",
	year		= "2013",
	%month		= "",
	%note		= "",
}

@manual{CORTEXM3RM,
	title		= "Cortex-M3 Reference Manual",
	%author		= "",
	organization	= "Energy Micro",
	%address	= "",
	%edition	= "",
	year		= "2011",
	%month		= "",
	%note		= "",
}

@misc{SLABSMCUS,
  title = {{Silicon Labs 32-bit MCUs}},
  howpublished = "\url{http://www.silabs.com/products/mcu/Pages/32-bit-microcontrollers.aspx}",
  year = {2015}, 
  note = "[Online; accessed 08-February-2015]"
}

@misc{gnutoolchain,
  title = {{GNU Toolchain}},
  howpublished = "\url{http://en.wikipedia.org/wiki/GNU\_toolchain}",
  year = {2015}, 
  note = "[Online; accessed 08-February-2015]"
}

@misc{arminfo,
  title = {{ARM infocentral}},
  howpublished = "\url{http://infocenter.arm.com/help/topic/com.arm.doc.dui0552a/ \\DUI0552A\_cortex\_m3\_dgug.pdf}",
  year = {2015}, 
  note = "[Online; accessed 08-February-2015]"
}

@misc{ramblocks,
  title = {{AN0027 - Energy Optimization}},
  howpublished = "\url{http://www.silabs.com/Support\%20Documents\\/TechnicalDocs/an0027.pdf}",
  year = {2015}, 
  note = "[Online; accessed 08-March-2015]"
}

@misc{race-to-halt,
  title = {{Race-To-Halt}},
  howpublished = "\url{http://www.sciencedirect.com/science/article/pii/S1383762114001295}",
  year = {2015}, 
  note = "[Online; accessed 08-March-2015]"
}

@misc{tickless,
  title = {{Practical Advice on Running uClinux on Cortex-M3/M4}},
  howpublished = "\url{http://electronicdesign.com/embedded/practical-advice-running-uclinux-cortex-m3m4}",
  year = {2012}, 
  note = "[Online; accessed 24-April-2015]"
}

% refs for Device driver - START

@misc{devicedriver,
  title = {{Device Driver}},
  howpublished = "\url{http://lwn.net/images/pdf/LDD3/ch01.pdf}",
  year = {2005}, 
  note = "[Online; accessed 21-April-2015, page 1]"
}

@misc{module,
  title = {{Kernel Modules}},
  howpublished = "\url{http://lwn.net/images/pdf/LDD3/ch01.pdf}",
  year = {2005}, 
  note = "[Online; accessed 21-April-2015, page 5]"
}

@misc{ch3,
  title = {{Chapter 3}},
  howpublished = "\url{http://lwn.net/images/pdf/LDD3/ch03.pdf}",
  year = {2005}, 
  note = "[Online; accessed 21-April-2015]"
}

@misc{classes,
  title = {{Classes of Devices and Modules}},
  howpublished = "\url{http://lwn.net/images/pdf/LDD3/ch03.pdf}",
  year = {2005}, 
  note = "[Online; accessed 21-April-2015, page 5-8]"
}

@misc{initexit,
  title = {{Init and Exit routines}},
  howpublished = "\url{http://lwn.net/images/pdf/LDD3/ch02.pdf}",
  year = {2005}, 
  note = "[Online; accessed 24-April-2015, page 16-17]"
}

@misc{fops,
  title = {{File Operations}},
  howpublished = "\url{http://lwn.net/images/pdf/LDD3/ch03.pdf}",
  year = {2005}, 
  note = "[Online; accessed 24-April-2015, page 49-53]"
}

@misc{fasync,
  title = {{Asynchronous Notification}},
  howpublished = "\url{http://lwn.net/images/pdf/LDD3/ch06.pdf}",
  year = {2005}, 
  note = "[Online; accessed 21-April-2015, pages 169-171]"
}

@misc{major,
  title = {{Major and Minor Numbers}},
  howpublished = "\url{http://lwn.net/images/pdf/LDD3/ch03.pdf}",
  year = {2005}, 
  note = "[Online; accessed 24-April-2015, page 44]"
}

@misc{region,
  title = {{alloc\_chrdev\_region}},
  howpublished = "\url{http://www.fsl.cs.sunysb.edu/kernel-api/re940.html}",
  note = "[Online; accessed 24-April-2015]"
}

@misc{class,
  title = {{class\_create}},
  howpublished = "\url{http://www.fsl.cs.sunysb.edu/kernel-api/re814.html}",
  note = "[Online; accessed 24-April-2015]"
}

@misc{devcreate,
  title = {{device\_create}},
  howpublished = "\url{http://www.fsl.cs.sunysb.edu/kernel-api/re812.html}",
  note = "[Online; accessed 24-April-2015]"
}

@misc{cinit,
  title = {{cdev\_init}},
  howpublished = "\url{http://www.fsl.cs.sunysb.edu/kernel-api/re946.html}",
  note = "[Online; accessed 24-April-2015]"
}

@misc{cadd,
  title = {{cdev\_add}},
  howpublished = "\url{http://www.fsl.cs.sunysb.edu/kernel-api/re943.html}",
  note = "[Online; accessed 24-April-2015]"
}

@misc{devdestroy,
  title = {{device\_destroy}},
  howpublished = "\url{http://www.fsl.cs.sunysb.edu/kernel-api/re813.html}",
  note = "[Online; accessed 24-April-2015]"
}

@misc{classdestroy,
  title = {{class\_destroy}},
  howpublished = "\url{http://www.fsl.cs.sunysb.edu/kernel-api/re815.html}",
  note = "[Online; accessed 24-April-2015]"
}

@misc{unregister,
  title = {{unregister\_chrdev\_region}},
  howpublished = "\url{http://www.fsl.cs.sunysb.edu/kernel-api/re942.html}",
  note = "[Online; accessed 24-April-2015]"
}

@misc{cdel,
  title = {{cdev\_del}},
  howpublished = "\url{http://www.fsl.cs.sunysb.edu/kernel-api/re944.html}",
  note = "[Online; accessed 24-April-2015]"
}

@misc{cpyusr,
  title = {{Copy to user}},
  howpublished = "\url{http://lwn.net/images/pdf/LDD3/ch03.pdf}",
  note = "[Online; accessed 24-April-2015, page 64]"
}

% refs for Device driver - END


